<?xml version="1.0" encoding="UTF-8"?><collection xmlns="http://www.loc.gov/MARC21/slim"><record><leader>00431nam--2200169-i-4500</leader><controlfield tag="001">000008248</controlfield><controlfield tag="002">20161230</controlfield><controlfield tag="005">20161230201027</controlfield><controlfield tag="008">060222s1000------------r-----000-0-eng-d</controlfield><datafield ind1=" " ind2=" " tag="040"><subfield code="a">IFIN-HH</subfield></datafield><datafield ind1=" " ind2=" " tag="080"><subfield code="a">532(075.8)</subfield></datafield><datafield ind1="1" ind2=" " tag="100"><subfield code="a">Cioc, Dumitru</subfield></datafield><datafield ind1="1" ind2="0" tag="245"><subfield code="a">Mecanica fluidelor</subfield><subfield code="c">Dumitru cioc</subfield></datafield><datafield ind1=" " ind2=" " tag="260"><subfield code="a">Bucuresti, Editura Didactica Si Pedagogica, 1967</subfield></datafield><datafield ind1=" " ind2=" " tag="300"><subfield code="a">452 P</subfield></datafield><datafield ind1=" " ind2=" " tag="852"><subfield code="a">27752</subfield><subfield code="c">532</subfield></datafield><datafield ind1=" " ind2=" " tag="CAT"><subfield code="a">Sys</subfield><subfield code="c">20100714</subfield><subfield code="h">100552</subfield></datafield></record></collection>